

@article{Can95,
    author          = {Cantor, Georg},
    title           = {\href{https://gdz.sub.uni-goettingen.de/id/PPN237853094?tify={\%22pages\%22:[294],\%22view\%22:\%22export\%22}}{Beiträge zur Begründung der transfiniten Mengelehre}},
    journaltitle    = {Mathematische Annalen 46},
    year            = {1895}
}

 
@book{Ded32,
    author      = {Dedekind, Richard},
    title       = {\href{https://gdz.sub.uni-goettingen.de/id/PPN23569441X?tify={\%22view\%22:\%22info\%22}}{Gesammelte Werke}},
    volume      = {III},
    editor      = {Fricke, Robert and Noether, Emmy and Ore, {\O}ystein},
    publisher   = {Vieweg},
    year        = {1932}
}
 
 
@book{AE06,
    author      = {Amann, Herbert and Escher, Joachim},
    title       = {\href{https://katalog.ub.uni-heidelberg.de/cgi-bin/titel.cgi?katkey=66925687&sess=1c389df2f23695a7723f067303f8ef7b&art=f&kat1=freitext&kat2=ti&kat3=au&op1=AND&op2=AND&var1=&var2=&var3=amann\%20escher&aa=1&sess=1c389df2f23695a7723f067303f8ef7b}{Analysis I}},
    publisher   = {Birkh{\"a}user},
    year        = {2006}
}


@book{Vel06,
    author      = {Velleman, Daniel J.},
    title       = {\href{https://users.metu.edu.tr/serge/courses/111-2011/textbook-math111.pdf}{How To Prove It -- A Structured Approach}},
    publisher   = {Cambridge University Press},
    year        = {2006}
}
