%% This BibTeX bibliography file was created using BibDesk.
%% https://bibdesk.sourceforge.io/

%% Saved with string encoding Unicode (UTF-8) 



@book{Can1895,
 author    = { Cantor, Georg},
 title     = {Beiträge zur Begründung der transfiniten Mengelehre. In: Mathematische Annalen 46},
 year      = {1895},
 url       = {https://gdz.sub.uni-goettingen.de/id/PPN237853094?tify={%22pages%22:[294],%22view%22:%22export%22}}
 }

@book{AE06,
  author={Amann, Herbert und Escher, Joachim},
  title={Analysis I},
  edition={Dritte Auflage},
  publisher={Birkh{\"a}user Basel},
  address={Basel},
  year={2006},
  pages={Online-Ressource (XV, 445 p, digital)},
  language={ger},
  isbn={978-3-7643-7756-4},
  series={SpringerLink : B{\"u}cher},
  url={https://katalog.ub.uni-heidelberg.de/cgi-bin/titel.cgi?katkey=66925687&sess=1c389df2f23695a7723f067303f8ef7b&art=f&kat1=freitext&kat2=ti&kat3=au&op1=AND&op2=AND&var1=&var2=&var3=amann%20escher&aa=1&sess=1c389df2f23695a7723f067303f8ef7b},
  library={UB},
}


@book{Vel06,
  author={Velleman, Daniel J.},
  title={How to prove it},
  subtitle={a structured approach},
  edition={Second edition},
  publisher={Cambridge University Press},
  address={Cambridge ; New York, NY},
  year={2006},
  language={eng},
  url={https://users.metu.edu.tr/serge/courses/111-2011/textbook-math111.pdf},
  library={UB [Signatur: UBN/SK 130 V439(3)]},
}




%---------Überbleibsel aus älteren Skript-Versionen-----------


@book{Klenke2012,
	Address = {3., {\"u}berarbeitete und erg{\"a}nzte Auflage},
	Author = {Klenke, Achim},
	Date-Added = {2019-01-11 11:53:45 +0100},
	Date-Modified = {2019-01-11 11:53:45 +0100},
	Publisher = {Springer Spektrum},
	Title = {{Wahrscheinlichkeitstheorie}},
	Year = {2012},
	Bdsk-Url-1 = {http://dx.doi.org/10.1007/978-1-84800-048-3}}

@manual{R-Core-Team2015,
	Address = {Vienna, Austria},
	Author = {{R Core Team}},
	Date-Added = {2015-10-12 12:26:45 +0000},
	Date-Modified = {2015-10-12 12:30:07 +0000},
	Organization = {{R Foundation for Statistical Computing}},
	Title = {R: A Language and Environment for Statistical Computing},
	Url = {http://www.R-project.org/},
	Year = {2015},
	Bdsk-Url-1 = {http://www.R-project.org/}}
