

@book{AE06,
    author      = {Amann, Herbert and Escher, Joachim},
    title       = {\href{https://katalog.ub.uni-heidelberg.de/cgi-bin/titel.cgi?katkey=66925687}{Analysis I}},
    publisher   = {Birkh{\"a}user},
    year        = {2006}
}


@book{Bra17,
    author      = {Brandenburg, Martin},
    title       = {\href{https://katalog.ub.uni-heidelberg.de/cgi-bin/titel.cgi?katkey=68074798}{Einf체hrung in die Kategorientheorie}},
    publisher   = {Springer Spektrum},
    year        = {2017}
}


@book{Bro04,
    author      = {Br{\"o}cker, Theodor},
    title       = {\href{https://katalog.ub.uni-heidelberg.de/cgi-bin/titel.cgi?katkey=65850036}{Lineare Algebra und Analytische Geometrie}},
    publisher   = {Birkh{\"a}user},
    year={2004}
}


@article{Can95,
    author          = {Cantor, Georg},
    title           = {\href{https://gdz.sub.uni-goettingen.de/id/PPN237853094?tify={\%22pages\%22:[294],\%22view\%22:\%22export\%22}}{Beitr채ge zur Begr체ndung der transfiniten Mengelehre}},
    journaltitle    = {Mathematische Annalen 46},
    year            = {1895}
}

 
@book{Ded32,
    author      = {Dedekind, Richard},
    title       = {\href{https://gdz.sub.uni-goettingen.de/id/PPN23569441X?tify={\%22view\%22:\%22info\%22}}{Gesammelte Werke}},
    volume      = {III},
    editor      = {Fricke, Robert and Noether, Emmy and Ore, {\O}ystein},
    publisher   = {Vieweg},
    year        = {1932}
}


@booklet{Dei,
    author      = {Deiser, Oliver},
    title       = {\href{https://www.aleph1.info/?call=Puc&permalink=mengenlehre1}{Einf체hrung in die Mengenlehre}},
    pubstate    = {Stand 5.7.2024}
}


@book{KM03,
    author      = {Kowalsky, Hans-Joachim and Michler, Gerhard O.},
    title       = {\href{https://katalog.ub.uni-heidelberg.de/cgi-bin/titel.cgi?katkey=65661101}{Lineare Algebra}},
    publisher   = {Walter de Gruyter},
    year        = {2003}
}


@book{Sch97,
    author      = {Schechter, Eric},
    title       = {\href{https://katalog.ub.uni-heidelberg.de/cgi-bin/titel.cgi?katkey=1164585532}{Handbook of Analysis and Its Foundations}},
    publisher   = {Academic Press},
    year        = {1997}
}


@book{Vel06,
    author      = {Velleman, Daniel J.},
    title       = {\href{https://users.metu.edu.tr/serge/courses/111-2011/textbook-math111.pdf}{How To Prove It -- A Structured Approach}},
    publisher   = {Cambridge University Press},
    year        = {2006}
}
